@article{einstein,
    author = "Albert Einstein",
    title = "{Zur Elektrodynamik bewegter K{\"o}rper}. ({German})
    [{On} the electrodynamics of moving bodies]",
    journal = "Annalen der Physik",
    volume = "322",
    number = "10",
    pages = "891--921",
    year = "1905",
    DOI = "http://dx.doi.org/10.1002/andp.19053221004",
    keywords = "physics"
}


@online{knuthwebsite,
    author = "Donald Knuth",
    title = "Knuth: Computers and Typesetting",
    url  = "http://www-cs-faculty.stanford.edu/~uno/abcde.html",
    addendum = "(accessed: 01.09.2016)",
    keywords = "latex,knuth"
}
@online{firebaseRest,
    title = "Realtime Database",
    url  = "https://firebase.google.com/docs/reference/rest/database",
    addendum = "(accessed: 15.02.2021)",
    keywords = "doc, rest"
}
@online{rtdbstructdata,
    title = "Get started: structure data",
    url  = "https://firebase.google.com/docs/database/rest/structure-data#best_practices_for_data_structure",
    addendum = "(accessed: 15.02.2021)",
    keywords = "flatten data"
}
@online{rtdbrules,
    title = "Realtime Database rules",
    url  = "https://firebase.google.com/docs/database/security",
    addendum = "(accessed: 15.02.2021)",
    keywords = "rules"
}
@online{flutter,
    title = "Flutter",
    url  = "https://flutter.dev",
    addendum = "(accessed: 15.02.2021)",
    keywords = "flutter"
}
@online{flutterarchitecture,
    title = "Flutter architectural overview",
    url = "https://flutter.dev/docs/resources/architectural-overview",
    addendum = "(accessed: 15.02.2021)",
    keywords = "flutter"
}
@online{flutterwidgets,
    title = "Flutter widgets",
    url = "https://flutter.dev/docs/development/ui/widgets-intro",
    addendum = "(accessed: 15.02.2021)",
    keywords = "widgets"
}
@online{restThesis,
    title = "REST T. Fielding",
    url = "https://www.ics.uci.edu/~fielding/pubs/dissertation/fielding_dissertation.pdf",
    addendum = "(accessed: 15.02.2021)",
    keywords = "rest"
}

@online{callback,
    title = "Callback",
    url = "https://en.wikipedia.org/wiki/Callback_(computer_programming)",
    addendum = "(accessed: 15.02.2021)",
    keywords = "callback"
}
@online{ISO8601,
    title = "Date formatting",
    url = "https://www.iso.org/iso-8601-date-and-time-format.html",
    addendum = "(accessed: 15.02.2021)",
    keywords = "iso8601"
}

@online{firebase,
    title = "Date formatting",
    url = "https://firebase.google.com/docs",
    addendum = "(accessed: 15.02.2021)",
    keywords = "firebase"
}
@online{ISO8601,
    title = "Date formatting",
    url = "https://www.iso.org/iso-8601-date-and-time-format.html",
    addendum = "(accessed: 15.02.2021)",
    keywords = "iso8601"
}

